@book{weinberg,
  title={The Quantum Theory of Fields, Volume 1: Foundations},
  author={Weinberg, Steven},
  year={1995},
  publisher={Cambridge University Press}
}
@article{bondi,
  title={Negative Mass in General Relativity},
  author={Bondi, Hermann},
  journal={Reviews of Modern Physics},
  year={1957}
}
@online{press,
  title={50 Year Old UFO Mysteries Solved},
  author={Mike, John},
  year={2011},
  month={8},
  day={12},
  url={https://www.24-7pressrelease.com/press-release/219657/50-year-old-ufo-mysteries-solved}
}
@book{mike2011,
  title={The Anatomy of a Flying Saucer},
  author={Mike, John},
  year={2011}
}
@article{mike_article,
  title={The Fundamental Equation of a Flying Saucer},
  author={Mike, John},
  year={2011}
}
@article{machprinciple,
  title={On Mach's Principle},
  author={Einstein, Albert}
}
@book{mach,
  title={The Science of Mechanics},
  author={Mach, Ernst}
}
@online{obit,
  title={John C. Mike Obituary},
  organization={Sun-Sentinel},
  year={2016},
  url={https://www.sun-sentinel.com/obituaries/john-c-mike-fl/}
}
