@Book{whittakerAndWatsonCourseOfModernAnalysis,
 author = {Edmund Taylor Whittaker, George Neville Watson},
 title = {A course of modern analysis: an introduction to the general theory of infinite processes and of analytic functions; with an account of the principal transcendental functions},
 year = {1920},
 publisher = {University Press}}

@Article{waveFunctionOfTheUniverse,
 author = {J.B. Hartle and S.W. Hawking},
 title = {Wave function of the Universe},
 year = {1983},
 journal = {Physical Review D},
 volume = {28},
 pages = {2965-2975},
 number = {12}}

@Article{voroninUniversalityTheoremForTheRiemannZetaFunction,
 author = {Ramunas Garunkštis},
 title = {On the Voronin’s universality theorem for the Riemann zeta-function},
 year = {2003},
 journal = {Fizikos ir Matematikos Fakulteto Mokslinio Seminaro Darbai.(Proceedings of Scientific Seminar of the Faculty of Physics and Mathematics)},
 volume = {6},
 pages = {29-33},
 publisher = {Siauliu Univ. Leidykla, Vilnius. (Siauliai Univ. Publishing house, Vilnius.)}}

@Book{schrödingerOperatorTheoryTopics,
 author = {Araki, H. and Ezawa, H.},
 title = {Topics in the Theory of Schrödinger Operators},
 year = {2004},
 publisher = {World Scientific},
 series = {G - Reference,Information and Interdisciplinary Subjects Series}}

@Article{singularSelfAdjointDifferentialOperationExpansion,
 author = {Norman Levinson},
 title = {The Expansion Theorem for Singular Self-Adjoint Linear Differential Operators},
 year = {1954},
 journal = {Annals of Mathematics, Second Series},
 volume = {59},
 pages = {300-315},
 number = {2}}

@Article{certainMatrixEnsemblesEigenvalueDistributions,
 author = {{Bogomolny}, E. and {Bohigas}, O. and {Pato}, M.~P.},
 title = {On the distribution of eigenvalues of certain matrix ensembles},
 year = {1997},
 journal = {Physical Review E},
 volume = {55},
 pages = {6707-6718},
 number = {6}}

@Article{theBesselPolynomialMoments,
 author = {A.M. Krall},
 title = {The Besel Polynomial Moment Problem},
 year = {1981},
 journal = {Acta Mathematica Academiae Scientiarum Hungarica},
 volume = {38},
 pages = {105-107}}

@Book{stochasticQuantumMechanicalMethods,
 author = {Stanley P. Gudder},
 title = {Stochastic Methods in Quantum Mechanics},
 year = {1979},
 publisher = {Elsevier North Holland},
 series = {North Holland Series in Probability and Applied Mathematics}}

@Book{stochasticProcessesInferenceTheory,
 author = {Malempati M. Rao},
 title = {Stochastic Processes: Inference Theory},
 year = {2014},
 publisher = {Springer},
 series = {Springer Monographs in Mathematics},
 edition = {2nd}}

@Book{stochasticProcessesHarmonizableTheory,
 author = {M.M. Rao},
 title = {Stochastic Processes: Harmonizable Theory},
 year = {2020},
 publisher = {World Scientific Publishing Co. Pte. Ltd.},
 address = {Hackensack, NJ},
 series = {Series on Multivariate Analysis},
 volume = {12},
 isbn = {9789811213656}}

@Article{stochasticProcessesAsCurvesInHilbertSpace,
 author = {Harald Cramér},
 title = {Stochastic processes as curves in Hilbert space},
 year = {1964},
 journal = {Theory of Probability & Its Applications},
 volume = {9},
 pages = {169–179},
 publisher = {SIAM},
 number = {2}}

@Book{stochasticFiniteElements,
 author = {Ghanem, Roger G. and Spanos, Pol D.},
 title = {Stochastic finite elements: a spectral approach},
 year = {1991},
 publisher = {Springer-Verlag},
 address = {Berlin, Heidelberg}}

@Book{stationaryAndRelatedStochasticProcesses,
 author = {Harald Cramér and M.R. Leadbetter},
 title = {Stationary and Related Processes: Sample Function Properties and Their Applications},
 year = {1967},
 series = {Wiley Series in Probability and Mathematical Statistics}}

@MastersThesis{spectralMethodsInGaussianProcessApproximations,
  author = {David R. Burt},
  title = {Spectral Methods in Gaussian Process Approximations},
  school = {University of Cambridge},
  year = {2018},
  address = {Cambridge, UK},
  note = {Department: Emmanuel College, Degree: Master of Philosophy}
}

@Book{specialFunctionsOfMathematicalPhysics,
 author = {Wilhelm Magnus, Fritz Oberhettinger, Raj Pal Soni},
 title = {Formulas and Theorems for the Special Functions of Mathematical Physics},
 year = {1966},
 publisher = {Springer},
 series = {Die Grundlehren der mathematischen Wissenschaften in Einzeldarstellungen},
 edition = {VIII, 508 p. ; 24 cm. 3rd enl. ed.},
 volume = {52}}

@Book{skewOrthogonalRandomMatrices,
 author = {Saugata Ghosh},
 title = {Skew-Orthogonal Polynomials and Random Matrix Theory},
 year = {2009},
 publisher = {American Mathematical Society},
 series = {CRM Monograph Series},
 volume = {28}}

@Article{skewOrthogonalPolynomialsAndRandomMatrixTheory,
 author = {Saugata Ghosh},
 title = {Generalized Christoffel-Darboux formula for skew-orthogonal polynomials and random matrix theory},
 year = {2006},
 journal = {Journal of Physics A: Mathematical and General},
 volume = {39},
 pages = {8775},
 publisher = {IOP Publishing},
 number = {28}}

@Article{simpleSymbolManipulation,
 author = {J. M. Shearer and M. A. Wolfe},
 title = {ALGLIB, a simple symbol-manipulation package},
 year = {1985},
 journal = {Communications of the ACM},
 volume = {28},
 pages = {820–825},
 number = {8}}

@Article{randomProcessWithStationaryIncrements,
 author = {Haimeng Zhang and Chunfeng Huang},
 title = {A note on processes with random stationary increments},
 year = {2014},
 journal = {Statistics and Probabiltiy Letters},
 volume = {94},
 pages = {153-161}}

@Book{randomMatrices,
 author = {Madan Lal Mehta},
 title = {Random Matrices},
 year = {2004},
 series = {Pure and Applied Mathematics},
 edition = {3rd},
 volume = {142}}

@Book{psychologyOfMathematicalInvention,
 author = {Jacques Hadamard},
 title = {The Psychology of Invention in the Mathematical Field},
 year = {1954},
 publisher = {Dover publications, Inc.},
 address = {180 Varick Street New York, N.Y. 10014},
 series = {Dover books on advanced mathematics},
 edition = {enlarged, unaltered, and unabridged reprint of the 1949}}

@Article{planeAutonomousSystemsWithRationalVectorFields,
 author = {Harold E. Benzinger},
 title = {Plane Autonomous Systems With Rational Vector Fields},
 year = {1991},
 journal = {326},
 volume = {2},
 pages = {465-484}}

@Book{outOfThisWorld,
 author = {Neville Goddard},
 title = {Out of This World: Thinking Fourth Dimensionally},
 year = {2010},
 publisher = {Martino Fine Books},
 address = {Eastford, CT},
 edition = {Reprint of First 1949 Edition}}

@Article{orthogonalPolynomialsAndSingularSturmLiouvilleSystemsI,
 author = {Littlejohn, Lance L and Krall, Allan M},
 title = {Orthogonal polynomials and Singular Sturm-Liouville Systems, I},
 year = {1986},
 journal = {The Rocky Mountain Journal of Mathematics},
 volume = {16},
 pages = {435--479},
 number = {3}}

@Article{orthogonalPolynomialsAndQuadraticExtremalProblems,
 author = {McDougall, J},
 title = {Orthogonal Polynomials and Quadratic Extremal Problems},
 year = {2002},
 journal = {Transactions of the American Mathematical Society},
 volume = {354},
 pages = {2341--2357},
 number = {6}}

@Book{oneParameterSemigroups,
 author = {E.B. Davies},
 title = {One-Parameter Semigroups},
 year = {1980},
 publisher = {Academic Press},
 address = {111 Fifth Avenue New York, New York 10003},
 series = {L.M.S. Monographs}}

@Article{newBesselFunctionIdentity,
 author = {D Bunney, Cameron R and Louko, Jorma},
 title = {Circular motion analogue Unruh effect in a 2+1 thermal bath: robbing from the rich and giving to the poor},
 year = {2023},
 journal = {Classical and Quantum Gravity},
 volume = {40},
 pages = {155001 (27 pages)},
 number = {15}}

@Article{lommelAndBesselPolynomials,
 author = {David Dickinson},
 title = {On Lommel and Bessel polynomials},
 year = {Proceedings of the American Mathematical Society},
 journal = {5},
 volume = {946-956},
 pages = {1954}}

@Book{linearHilbertSpaceTransforms,
 author = {Marshall Harvey Stone},
 title = {Linear Transformations in Hilbert Space},
 year = {1932},
 publisher = {American Mathematical Society},
 address = {501 West 116th Street},
 series = {Colloquium Publications},
 edition = {4th Printing (1951)},
 volume = {XV}}

@Book{lecturesOnDifferentialAndIntegralEquations,
 author = {吉田 耕作(Kōsaku Yosida)},
 title = {Lectures on Differential and Integral Equations},
 year = {1960},
 publisher = {Interscience Publishers/John Wiley & Sons Inc.},
 address = {New York/London/Sydney},
 series = {Pure and Applied Mathematics},
 volume = {X}}

@Article{isotropyPrevalenceInSpatialStatistics,
 author = {Chunsheng Ma},
 title = {Why is isotropy so prevalent in spatial statistics?},
 year = {2007},
 journal = {Proceedings of the American Mathematical Society},
 volume = {135},
 pages = {865–871},
 publisher = {American Mathematical Society},
 number = {3}}

@Book{introductionToQuantumGravitationalEffects,
 author = {Viatcheslav Mukhanov, Sergei Winitzki},
 title = {Introduction to quantum effects in gravity},
 year = {2007},
 publisher = {Cambridge University Press},
 edition = {1ˢᵗ}}

@Book{functionalAnalysisYosida,
 author = {吉田 耕作(Kōsaku Yosida)},
 title = {Functional Analysis},
 year = {1995},
 publisher = {Springer Berlin Heidelberg},
 series = {Classics in Mathematics},
 edition = {Reprint of the 1980 Edition}}

@Book{functionalAnalysisRieszNagy,
 author = {Frigyes Riesz and Béla Sz.-Nagy},
 title = {Functional Analysis},
 year = {2012},
 publisher = {Dover Publications},
 series = {Dover Books on Mathematics},
 edition = {unabridged republication of 1955}}

@Article{finiteFourierTransforms,
 author = {Dixit, Atul and Jiu, Lin and Moll, Victor H and Vignat, Christophe},
 title = {The finite Fourier transform of classical polynomials},
 year = {2015},
 journal = {Journal of the Australian Mathematical Society},
 volume = {98},
 pages = {145--160},
 publisher = {Cambridge University Press}}

@Book{extremesOfRandomProcesses,
 author = {Georg Lindgren, Holger Rootzén, and M. R. Leadbetter},
 title = {Extremes and Related Properties of Random Sequences and Processes},
 year = {1983},
 publisher = {Springer-Verlag New York Inc.},
 series = {Springer Series in Statistics}}

@Book{correlationTheoryOfStationaryRandomProcesses,
 author = {Yaglom, A.M.},
 title = {Correlation Theory of Stationary and Related Random Functions},
 year = {1987},
 publisher = {Springer New York},
 series = {Applied Probability},
 volume = {I: Basic Results}}

@Article{classicalOrthogonalPolynomialReproducingKernels,
 author = {F. Alberto Grünbaum},
 title = {A new property of reproducing kernels for classical orthogonal polynomials},
 year = {1983},
 journal = {Journal of Mathematical Analysis and Applications},
 volume = {95},
 pages = {491-500},
 publisher = {Elsevier},
 number = {2}}

@Book{besselFunctionTreatise,
 author = {G.N. Watson},
 title = {A Treatise on the Theory of Bessel Functions},
 year = {1944},
 publisher = {Cambridge University Press},
 edition = {2nd}}

@Article{isotropicCharacteristicFunctions,
 author = {Simeon M. Berman},
 title = {A Class of Isotropic Distributions in $\mathbb{R}_n$ and Their Characteristic Functions},
 year = {Pacific Journal of Mathematics},
 journal = {78},
 volume = {No. 1},
 pages = {1978}}

@Article{theBesselPolynomials,
 author = {H.L. Krall and Orrin Frink},
 title = {A New Class of Orthogonal Polynomials: The Bessel Polynomials},
 year = {1949},
 journal = {Transactions of the American Mathematical Society},
 volume = {65},
 pages = {100-115},
 number = {1}}

@Book{chernSelectedPapersIV,
 author = {Shiing-Shen Chern},
 title = {Selected Papers IV},
 year = {1989},
 publisher = {Springer New York, NY},
 series = {Springer Collected Works in Mathematics},
 edition = {1},
 volume = {XV},
 pages = {463},
 isbn = {978-1-4614-9085-2}}

@Book{orthogonalPolynomials,
 author = {Gábor Szegő},
 title = {Orthogonal Polynomials},
 year = {1975},
 publisher = {American Mathematical Society},
 address = {Providence, RI},
 isbn = {0821810235, 9780821810231}}

@Article{modifiedLommelPolynomials,
 author = {K.F. Lee, R. Wong},
 title = {Asymptotic Expansion of the Modified Lommel Polynomials $h_{n,ν}(x)$ and Their Zeros},
 year = {2014},
 journal = {Proceedings of the American Mathematical Society},
 volume = {142},
 pages = {3953-3964},
 number = {11}}

@Article{uniformlyConvergentBesselFunctionExpansions,
 author = {José L. López},
 title = {Convergent expansions of the Bessel functions in terms of elementary functions},
 year = {2018},
 journal = {Advances in Computational Mathematics},
 volume = {44},
 pages = {277-294},
 publisher = {Springer}}

@Article{bandlimitedRKHSApplicationshun,
 author = {K. Yao},
 title = {Applications of Reproducing Kernel Hilbert Spaces--Bandlimited Signal Models},
 year = {1967},
 journal = {Information and Control},
 volume = {11},
 pages = {429-444}}

@Misc{gaussianProcessIntroduction,
 author = {Steven P. Lalley},
 title = {Introduction to Gaussian Processes},
 year = {2013},
 howpublished = {https://galton.uchicago.edu/$\sim$elalley/Courses/386/GaussianProcesses.pdf},
 note = {},
 url = {}}

@Article{onCompactOperators,
 author = {Alexanderian, Alen},
 title = {On compact operators},
 year = {2013},
 journal = {Journal of Mathematical Analysis and Applications},
 volume = {18},
 pages = {5-36},
 number = {2}}

@Article{harmonizableAndVBoundedProcesses,
 author = {Yûichirô Kakihara},
 title = {A Note on Harmonizable and V-Bounded Processes},
 year = {1985},
 journal = {Journal of Multivariate Analysis},
 volume = {16},
 pages = {140-156}}

@Article{betaIntegralsAndOrthogonalPolynomials,
 author = {Askey, R.},
 title = {Beta integrals and the associated orthogonal polynomials},
 year = {1989},
 journal = {Number Theory, 1987},
 volume = {},
 pages = {84-121},
 address = {Madras}}